<record><leader>00000cas a22000007a 4500</leader><controlfield tag="001">26536249</controlfield><controlfield tag="008">920904d190619uuwyuwr ne      0    0eng d</controlfield><datafield ind1=" " ind2=" " tag="010"><subfield code="a">sn 92067175 </subfield></datafield><datafield ind1=" " ind2=" " tag="040"><subfield code="a">NVO</subfield><subfield code="b">eng</subfield><subfield code="c">NVO</subfield><subfield code="d">OCLCQ</subfield></datafield><datafield ind1=" " ind2=" " tag="042"><subfield code="a">msc</subfield></datafield><datafield ind1="0" ind2="0" tag="245"><subfield code="a">Wyoming semaphore.</subfield></datafield><datafield ind1="1" ind2="3" tag="246"><subfield code="a">Semaphore</subfield></datafield><datafield ind1="3" ind2="0" tag="246"><subfield code="a">Shoshoni semaphore</subfield></datafield><datafield ind1=" " ind2=" " tag="260"><subfield code="a">Shoshoni, Fremont County, Wyo. :</subfield><subfield code="b">Shoshoni Print. Co.</subfield></datafield><datafield ind1=" " ind2=" " tag="300"><subfield code="a">v.</subfield></datafield><datafield ind1=" " ind2=" " tag="310"><subfield code="a">Weekly</subfield></datafield><datafield ind1=" " ind2=" " tag="588"><subfield code="a">Description based on: Vol. 1, no. 17 (Sept. 7, 1906).</subfield></datafield><datafield ind1=" " ind2="4" tag="651"><subfield code="a">Shoshoni (Wyo.)</subfield><subfield code="v">Newspapers.</subfield></datafield><datafield ind1=" " ind2="4" tag="651"><subfield code="a">Fremont County (Wyo.)</subfield><subfield code="v">Newspapers.</subfield></datafield><datafield ind1=" " ind2=" " tag="752"><subfield code="a">United States</subfield><subfield code="b">Wyoming</subfield><subfield code="c">Fremont</subfield><subfield code="d">Shoshoni.</subfield></datafield></record>